
<marc:record><marc:leader>01580aam a2200373Ii 4500</marc:leader>
<marc:controlfield tag="001">001074170</marc:controlfield>
<marc:controlfield tag="005">20151026032102.0</marc:controlfield><marc:controlfield tag="008">151026s1905    mdu     ot   f000 0 eng d</marc:controlfield><marc:datafield tag="024" ind1="8" ind2=" "><marc:subfield code="a">GOVPUB-C13-99844b06e194f5892fe86411c0c325ee</marc:subfield></marc:datafield><marc:datafield tag="035" ind1=" " ind2=" "><marc:subfield code="a">(OCoLC)926731787</marc:subfield></marc:datafield><marc:datafield tag="040" ind1=" " ind2=" "><marc:subfield code="a">NBS</marc:subfield><marc:subfield code="b">eng</marc:subfield><marc:subfield code="e">pn</marc:subfield><marc:subfield code="e">rda</marc:subfield><marc:subfield code="c">NBS</marc:subfield><marc:subfield code="d">GPO</marc:subfield></marc:datafield><marc:datafield tag="074" ind1=" " ind2=" "><marc:subfield code="a">0247 (online)</marc:subfield></marc:datafield><marc:datafield tag="086" ind1="0" ind2=" "><marc:subfield code="a">C 13.10:4</marc:subfield></marc:datafield><marc:datafield tag="090" ind1=" " ind2=" "><marc:subfield code="a">QC100</marc:subfield><marc:subfield code="b">.U57 no.4 1905</marc:subfield></marc:datafield><marc:datafield tag="110" ind1="2" ind2=" "><marc:subfield code="a">National Bureau of Standards.</marc:subfield></marc:datafield><marc:datafield tag="245" ind1="1" ind2="0"><marc:subfield code="a">Conference on the weights and measures of the United States /</marc:subfield><marc:subfield code="c">National Bureau of Standards.</marc:subfield></marc:datafield><marc:datafield tag="264" ind1=" " ind2="1"><marc:subfield code="a">Gaithersburg, MD :</marc:subfield><marc:subfield code="b">U.S. Dept. of Commerce, National Institute of Standards and Technology,</marc:subfield><marc:subfield code="c">1905.</marc:subfield></marc:datafield><marc:datafield tag="300" ind1=" " ind2=" "><marc:subfield code="a">1 online resource.</marc:subfield></marc:datafield><marc:datafield tag="336" ind1=" " ind2=" "><marc:subfield code="a">text</marc:subfield><marc:subfield code="2">rdacontent</marc:subfield></marc:datafield><marc:datafield tag="337" ind1=" " ind2=" "><marc:subfield code="a">computer</marc:subfield><marc:subfield code="2">rdamedia</marc:subfield></marc:datafield><marc:datafield tag="338" ind1=" " ind2=" "><marc:subfield code="a">online resource</marc:subfield><marc:subfield code="2">rdacarrier</marc:subfield></marc:datafield><marc:datafield tag="490" ind1="1" ind2=" "><marc:subfield code="a">Misc. publication no. ;</marc:subfield><marc:subfield code="v">4</marc:subfield></marc:datafield><marc:datafield tag="500" ind1=" " ind2=" "><marc:subfield code="a">1905.</marc:subfield></marc:datafield><marc:datafield tag="500" ind1=" " ind2=" "><marc:subfield code="a">Contributed record: Metadata reviewed, not verified. Some fields updated by batch processes.</marc:subfield></marc:datafield><marc:datafield tag="500" ind1=" " ind2=" "><marc:subfield code="a">Title from PDF title page.</marc:subfield></marc:datafield><marc:datafield tag="504" ind1=" " ind2=" "><marc:subfield code="a">Includes bibliographical references.</marc:subfield></marc:datafield><marc:datafield tag="710" ind1="2" ind2=" "><marc:subfield code="a">National Bureau of Standards (U.S.)</marc:subfield></marc:datafield><marc:datafield tag="710" ind1="2" ind2=" "><marc:subfield code="a">National Bureau of Standards.</marc:subfield></marc:datafield><marc:datafield tag="830" ind1=" " ind2="0"><marc:subfield code="a">Miscellaneous publications (United States. Bureau of Standards) ;</marc:subfield><marc:subfield code="v">4.</marc:subfield></marc:datafield><marc:datafield tag="856" ind1="4" ind2=" "><marc:subfield code="u">https://doi.org/10.6028/NBS.MP.4</marc:subfield></marc:datafield><marc:datafield tag="856" ind1="4" ind2=" "><marc:subfield code="z">Address at time of PURL creation</marc:subfield><marc:subfield code="u">https://www.govinfo.gov/content/pkg/GOVPUB-C13-99844b06e194f5892fe86411c0c325ee/pdf/GOVPUB-C13-99844b06e194f5892fe86411c0c325ee.pdf</marc:subfield></marc:datafield><marc:datafield tag="856" ind1="4" ind2="0"><marc:subfield code="u">https://purl.fdlp.gov/GPO/gpo101000</marc:subfield></marc:datafield><marc:datafield tag="922" ind1=" " ind2=" "><marc:subfield code="a">Batch-processed</marc:subfield></marc:datafield><marc:datafield tag="922" ind1=" " ind2=" "><marc:subfield code="a">NIST-1</marc:subfield><marc:subfield code="b">20180815</marc:subfield></marc:datafield></marc:record>