
<marc:record><marc:leader>02317cam a2200529Ka 4500</marc:leader>
<marc:controlfield tag="001">001116405</marc:controlfield>
<marc:controlfield tag="003">OCoLC</marc:controlfield><marc:controlfield tag="005">20180920061126.9</marc:controlfield><marc:controlfield tag="006">m     o  d        </marc:controlfield><marc:controlfield tag="007">cr bn||||||abp</marc:controlfield><marc:controlfield tag="007">cr bn||||||ada</marc:controlfield><marc:controlfield tag="008">130713s1921    dcuf    o    f000 0 eng d</marc:controlfield><marc:datafield tag="019" ind1=" " ind2=" "><marc:subfield code="a">463827145</marc:subfield><marc:subfield code="a">866897969</marc:subfield></marc:datafield><marc:datafield tag="024" ind1="8" ind2=" "><marc:subfield code="a">GOVPUB-C13-dddfbbf3926c14eddc845427ebed17c9</marc:subfield></marc:datafield><marc:datafield tag="035" ind1=" " ind2=" "><marc:subfield code="a">(OCoLC)852766937</marc:subfield><marc:subfield code="z">(OCoLC)463827145</marc:subfield><marc:subfield code="z">(OCoLC)866897969</marc:subfield></marc:datafield><marc:datafield tag="040" ind1=" " ind2=" "><marc:subfield code="a">OCLCE</marc:subfield><marc:subfield code="b">eng</marc:subfield><marc:subfield code="e">pn</marc:subfield><marc:subfield code="c">OCLCE</marc:subfield><marc:subfield code="d">COO</marc:subfield><marc:subfield code="d">AMAZN</marc:subfield><marc:subfield code="d">OCLCQ</marc:subfield><marc:subfield code="d">OCLCO</marc:subfield><marc:subfield code="d">OCLCF</marc:subfield><marc:subfield code="d">OCL</marc:subfield><marc:subfield code="d">OCLCQ</marc:subfield></marc:datafield><marc:datafield tag="042" ind1=" " ind2=" "><marc:subfield code="a">dlr</marc:subfield></marc:datafield><marc:datafield tag="043" ind1=" " ind2=" "><marc:subfield code="a">n-us---</marc:subfield></marc:datafield><marc:datafield tag="050" ind1=" " ind2="4"><marc:subfield code="a">QC100</marc:subfield><marc:subfield code="b">.U57 no. 46</marc:subfield></marc:datafield><marc:datafield tag="074" ind1=" " ind2=" "><marc:subfield code="a">0247 (online)</marc:subfield></marc:datafield><marc:datafield tag="086" ind1="0" ind2=" "><marc:subfield code="a">C 13.10:46</marc:subfield></marc:datafield><marc:datafield tag="110" ind1="1" ind2=" "><marc:subfield code="a">United States.</marc:subfield><marc:subfield code="b">National Bureau of Standards.</marc:subfield></marc:datafield><marc:datafield tag="245" ind1="1" ind2="0"><marc:subfield code="a">War work of the Bureau of standards :</marc:subfield><marc:subfield code="b">April 1, 1921.</marc:subfield></marc:datafield><marc:datafield tag="260" ind1=" " ind2=" "><marc:subfield code="a">Washington :</marc:subfield><marc:subfield code="b">G.P.O.,</marc:subfield><marc:subfield code="c">1921.</marc:subfield></marc:datafield><marc:datafield tag="300" ind1=" " ind2=" "><marc:subfield code="a">1 online resource (299 pages) :</marc:subfield><marc:subfield code="b">plates.</marc:subfield></marc:datafield><marc:datafield tag="336" ind1=" " ind2=" "><marc:subfield code="a">text</marc:subfield><marc:subfield code="b">txt</marc:subfield><marc:subfield code="2">rdacontent</marc:subfield></marc:datafield><marc:datafield tag="337" ind1=" " ind2=" "><marc:subfield code="a">computer</marc:subfield><marc:subfield code="b">c</marc:subfield><marc:subfield code="2">rdamedia</marc:subfield></marc:datafield><marc:datafield tag="338" ind1=" " ind2=" "><marc:subfield code="a">online resource</marc:subfield><marc:subfield code="b">cr</marc:subfield><marc:subfield code="2">rdacarrier</marc:subfield></marc:datafield><marc:datafield tag="490" ind1="1" ind2=" "><marc:subfield code="a">Miscellaneous publications of the Bureau of Standards ;</marc:subfield><marc:subfield code="v">46</marc:subfield></marc:datafield><marc:datafield tag="500" ind1=" " ind2=" "><marc:subfield code="a">Contributed record: Metadata reviewed, not verified. Some fields updated by batch processes.</marc:subfield></marc:datafield><marc:datafield tag="500" ind1=" " ind2=" "><marc:subfield code="a">At head of title: Department of commerce. Bureau of standards. S.W. Stratton, director.</marc:subfield></marc:datafield><marc:datafield tag="500" ind1=" " ind2=" "><marc:subfield code="a">Plates printed on both sides.</marc:subfield></marc:datafield><marc:datafield tag="610" ind1="1" ind2="0"><marc:subfield code="a">United States.</marc:subfield><marc:subfield code="b">National Bureau of Standards.</marc:subfield></marc:datafield><marc:datafield tag="610" ind1="1" ind2="7"><marc:subfield code="a">United States.</marc:subfield><marc:subfield code="b">National Bureau of Standards.</marc:subfield><marc:subfield code="2">fast</marc:subfield><marc:subfield code="0">(OCoLC)fst00530337</marc:subfield></marc:datafield><marc:datafield tag="611" ind1="2" ind2="7"><marc:subfield code="a">World War (1914-1918)</marc:subfield><marc:subfield code="2">fast</marc:subfield><marc:subfield code="0">(OCoLC)fst01180746</marc:subfield></marc:datafield><marc:datafield tag="648" ind1=" " ind2="7"><marc:subfield code="a">1914-1918</marc:subfield><marc:subfield code="2">fast</marc:subfield></marc:datafield><marc:datafield tag="650" ind1=" " ind2="0"><marc:subfield code="a">World War, 1914-1918</marc:subfield><marc:subfield code="z">United States.</marc:subfield></marc:datafield><marc:datafield tag="651" ind1=" " ind2="7"><marc:subfield code="a">United States.</marc:subfield><marc:subfield code="2">fast</marc:subfield><marc:subfield code="0">(OCoLC)fst01204155</marc:subfield></marc:datafield><marc:datafield tag="776" ind1="0" ind2="8"><marc:subfield code="i">Print version:</marc:subfield><marc:subfield code="a">United States. National Bureau of Standards.</marc:subfield><marc:subfield code="t">War work of the Bureau of standards.</marc:subfield><marc:subfield code="d">Washington : G.P.O., 1921</marc:subfield><marc:subfield code="w">(DLC) 21026470</marc:subfield><marc:subfield code="w">(OCoLC)14438017</marc:subfield></marc:datafield><marc:datafield tag="830" ind1=" " ind2="0"><marc:subfield code="a">Miscellaneous publications (United States. Bureau of Standards) ;</marc:subfield><marc:subfield code="v">46.</marc:subfield></marc:datafield><marc:datafield tag="856" ind1="4" ind2=" "><marc:subfield code="z">Address at time of PURL creation</marc:subfield><marc:subfield code="u">https://www.govinfo.gov/content/pkg/GOVPUB-C13-dddfbbf3926c14eddc845427ebed17c9/pdf/GOVPUB-C13-dddfbbf3926c14eddc845427ebed17c9.pdf</marc:subfield></marc:datafield><marc:datafield tag="856" ind1="4" ind2="0"><marc:subfield code="u">https://purl.fdlp.gov/GPO/gpo104022</marc:subfield></marc:datafield><marc:datafield tag="994" ind1=" " ind2=" "><marc:subfield code="a">92</marc:subfield><marc:subfield code="b">GPO</marc:subfield></marc:datafield><marc:datafield tag="049" ind1=" " ind2=" "><marc:subfield code="a">MAIN</marc:subfield></marc:datafield><marc:datafield tag="922" ind1=" " ind2=" "><marc:subfield code="a">Batch-processed</marc:subfield></marc:datafield><marc:datafield tag="922" ind1=" " ind2=" "><marc:subfield code="a">NIST-1</marc:subfield><marc:subfield code="b">20190227</marc:subfield></marc:datafield><marc:datafield tag="938" ind1=" " ind2=" "><marc:subfield code="a">AMAZON</marc:subfield><marc:subfield code="b">AMZN</marc:subfield><marc:subfield code="n">M0D1002425257</marc:subfield></marc:datafield></marc:record>