
<marc:record><marc:leader>02914cam a2200625Ki 4500</marc:leader>
<marc:controlfield tag="001">001116411</marc:controlfield>
<marc:controlfield tag="003">OCoLC</marc:controlfield><marc:controlfield tag="005">20180920061501.2</marc:controlfield><marc:controlfield tag="006">m     o  d        </marc:controlfield><marc:controlfield tag="007">cr un||||a|a||</marc:controlfield><marc:controlfield tag="008">131229s1936    dcuaf   ob   f000 0 eng d</marc:controlfield><marc:datafield tag="019" ind1=" " ind2=" "><marc:subfield code="a">852766896</marc:subfield></marc:datafield><marc:datafield tag="024" ind1="8" ind2=" "><marc:subfield code="a">GOVPUB-C13-363825f399d70f79e08edcf67b8254ee</marc:subfield></marc:datafield><marc:datafield tag="035" ind1=" " ind2=" "><marc:subfield code="a">(OCoLC)866881968</marc:subfield><marc:subfield code="z">(OCoLC)852766896</marc:subfield></marc:datafield><marc:datafield tag="040" ind1=" " ind2=" "><marc:subfield code="a">OCLCE</marc:subfield><marc:subfield code="b">eng</marc:subfield><marc:subfield code="e">pn</marc:subfield><marc:subfield code="c">OCLCE</marc:subfield><marc:subfield code="d">OCLCQ</marc:subfield><marc:subfield code="d">OCLCO</marc:subfield><marc:subfield code="d">OCLCQ</marc:subfield></marc:datafield><marc:datafield tag="042" ind1=" " ind2=" "><marc:subfield code="a">dlr</marc:subfield></marc:datafield><marc:datafield tag="050" ind1=" " ind2="4"><marc:subfield code="a">QC100</marc:subfield><marc:subfield code="b">.U57 123</marc:subfield></marc:datafield><marc:datafield tag="074" ind1=" " ind2=" "><marc:subfield code="a">0247 (online)</marc:subfield></marc:datafield><marc:datafield tag="086" ind1="0" ind2=" "><marc:subfield code="a">C 13.10:123</marc:subfield></marc:datafield><marc:datafield tag="245" ind1="0" ind2="0"><marc:subfield code="a">Production of pressboard from cornstalks /</marc:subfield><marc:subfield code="c">by Baker Wingfield [and others].</marc:subfield></marc:datafield><marc:datafield tag="260" ind1=" " ind2=" "><marc:subfield code="a">Washington, D.C. :</marc:subfield><marc:subfield code="b">U.S. Dept. of Commerce, Bureau of Standards :</marc:subfield><marc:subfield code="b">U.S. Govt. Print. Off.,</marc:subfield><marc:subfield code="c">1936.</marc:subfield></marc:datafield><marc:datafield tag="300" ind1=" " ind2=" "><marc:subfield code="a">1 online resource (10 pages) :</marc:subfield><marc:subfield code="b">illustrations, plates.</marc:subfield></marc:datafield><marc:datafield tag="336" ind1=" " ind2=" "><marc:subfield code="a">text</marc:subfield><marc:subfield code="b">txt</marc:subfield><marc:subfield code="2">rdacontent</marc:subfield></marc:datafield><marc:datafield tag="337" ind1=" " ind2=" "><marc:subfield code="a">computer</marc:subfield><marc:subfield code="b">c</marc:subfield><marc:subfield code="2">rdamedia</marc:subfield></marc:datafield><marc:datafield tag="338" ind1=" " ind2=" "><marc:subfield code="a">online resource</marc:subfield><marc:subfield code="b">cr</marc:subfield><marc:subfield code="2">rdacarrier</marc:subfield></marc:datafield><marc:datafield tag="490" ind1="1" ind2=" "><marc:subfield code="a">National Bureau of Standards miscellaneous publication ;</marc:subfield><marc:subfield code="v">123</marc:subfield></marc:datafield><marc:datafield tag="500" ind1=" " ind2=" "><marc:subfield code="a">Contributed record: Metadata reviewed, not verified. Some fields updated by batch processes.</marc:subfield></marc:datafield><marc:datafield tag="500" ind1=" " ind2=" "><marc:subfield code="a">At head of title: U.S. Department of commerce. Daniel C. Roper, secretary. National bureau of standards. Lyman J. Briggs, director ...</marc:subfield></marc:datafield><marc:datafield tag="500" ind1=" " ind2=" "><marc:subfield code="a">Issued August 4, 1936.</marc:subfield></marc:datafield><marc:datafield tag="500" ind1=" " ind2=" "><marc:subfield code="a">Issued Auguust 4, 1936.</marc:subfield></marc:datafield><marc:datafield tag="504" ind1=" " ind2=" "><marc:subfield code="a">Includes bibliographical references.</marc:subfield></marc:datafield><marc:datafield tag="650" ind1=" " ind2="0"><marc:subfield code="a">Corn stover.</marc:subfield></marc:datafield><marc:datafield tag="650" ind1=" " ind2="0"><marc:subfield code="a">Corn</marc:subfield><marc:subfield code="x">Residues.</marc:subfield></marc:datafield><marc:datafield tag="650" ind1=" " ind2="0"><marc:subfield code="a">Cornstalks.</marc:subfield></marc:datafield><marc:datafield tag="650" ind1=" " ind2="0"><marc:subfield code="a">Paperboard.</marc:subfield></marc:datafield><marc:datafield tag="650" ind1=" " ind2="7"><marc:subfield code="a">Corn stover.</marc:subfield><marc:subfield code="2">fast</marc:subfield><marc:subfield code="0">(OCoLC)fst00879399</marc:subfield></marc:datafield><marc:datafield tag="650" ind1=" " ind2="7"><marc:subfield code="a">Corn</marc:subfield><marc:subfield code="x">Residues.</marc:subfield><marc:subfield code="2">fast</marc:subfield><marc:subfield code="0">(OCoLC)fst00879256</marc:subfield></marc:datafield><marc:datafield tag="650" ind1=" " ind2="7"><marc:subfield code="a">Cornstalks.</marc:subfield><marc:subfield code="2">fast</marc:subfield><marc:subfield code="0">(OCoLC)fst00879493</marc:subfield></marc:datafield><marc:datafield tag="650" ind1=" " ind2="7"><marc:subfield code="a">Paperboard.</marc:subfield><marc:subfield code="2">fast</marc:subfield><marc:subfield code="0">(OCoLC)fst01052613</marc:subfield></marc:datafield><marc:datafield tag="700" ind1="1" ind2=" "><marc:subfield code="a">Acree, S. F.</marc:subfield><marc:subfield code="q">(Solomon Farley),</marc:subfield><marc:subfield code="d">1875-1957,</marc:subfield><marc:subfield code="e">author.</marc:subfield></marc:datafield><marc:datafield tag="700" ind1="1" ind2=" "><marc:subfield code="a">Naffziger, T. R.,</marc:subfield><marc:subfield code="e">author.</marc:subfield></marc:datafield><marc:datafield tag="700" ind1="1" ind2=" "><marc:subfield code="a">Overman, Charles B.</marc:subfield><marc:subfield code="q">(Charles Beatty),</marc:subfield><marc:subfield code="d">1907-1962,</marc:subfield><marc:subfield code="e">author.</marc:subfield></marc:datafield><marc:datafield tag="700" ind1="1" ind2=" "><marc:subfield code="a">Sweeney, Orland Russell,</marc:subfield><marc:subfield code="d">1884-</marc:subfield><marc:subfield code="e">author.</marc:subfield></marc:datafield><marc:datafield tag="700" ind1="1" ind2=" "><marc:subfield code="a">Whittemore, Edward Richard,</marc:subfield><marc:subfield code="e">author.</marc:subfield></marc:datafield><marc:datafield tag="700" ind1="1" ind2=" "><marc:subfield code="a">Wingfield, Baker,</marc:subfield><marc:subfield code="d">1904-</marc:subfield><marc:subfield code="e">author.</marc:subfield></marc:datafield><marc:datafield tag="710" ind1="1" ind2=" "><marc:subfield code="a">United States.</marc:subfield><marc:subfield code="b">National Bureau of Standards.</marc:subfield><marc:subfield code="t">Miscellaneous publications.</marc:subfield></marc:datafield><marc:datafield tag="710" ind1="1" ind2=" "><marc:subfield code="a">United States.</marc:subfield><marc:subfield code="b">National Bureau of Standards.</marc:subfield><marc:subfield code="t">National Bureau of Standards Miscellaneous publication.</marc:subfield></marc:datafield><marc:datafield tag="776" ind1="0" ind2="8"><marc:subfield code="i">Print version:</marc:subfield><marc:subfield code="t">Production of pressboard from cornstalks.</marc:subfield><marc:subfield code="d">Washington, D.C. : U.S. Dept. of Commerce, Bureau of Standards : U.S. Govt. Print. Off., 1936</marc:subfield><marc:subfield code="w">(DLC) 36026700</marc:subfield><marc:subfield code="w">(OCoLC)28009310</marc:subfield></marc:datafield><marc:datafield tag="830" ind1=" " ind2="0"><marc:subfield code="a">Miscellaneous publications (United States. Bureau of Standards)  ;</marc:subfield><marc:subfield code="v">123.</marc:subfield></marc:datafield><marc:datafield tag="856" ind1="4" ind2=" "><marc:subfield code="z">Address at time of PURL creation</marc:subfield><marc:subfield code="u">https://www.govinfo.gov/content/pkg/GOVPUB-C13-363825f399d70f79e08edcf67b8254ee/pdf/GOVPUB-C13-363825f399d70f79e08edcf67b8254ee.pdf</marc:subfield></marc:datafield><marc:datafield tag="856" ind1="4" ind2="0"><marc:subfield code="u">https://purl.fdlp.gov/GPO/gpo96631</marc:subfield></marc:datafield><marc:datafield tag="994" ind1=" " ind2=" "><marc:subfield code="a">92</marc:subfield><marc:subfield code="b">GPO</marc:subfield></marc:datafield><marc:datafield tag="049" ind1=" " ind2=" "><marc:subfield code="a">MAIN</marc:subfield></marc:datafield><marc:datafield tag="922" ind1=" " ind2=" "><marc:subfield code="a">Batch-processed</marc:subfield></marc:datafield><marc:datafield tag="922" ind1=" " ind2=" "><marc:subfield code="a">NIST-1</marc:subfield><marc:subfield code="b">20190227</marc:subfield></marc:datafield></marc:record>